<?xml version="1.0" encoding="UTF-8"?>
<record xmlns="http://www.loc.gov/MARC21/slim">
   <leader>00871cam a22002175  4500</leader>
   <controlfield tag="001">1699137</controlfield>
   <controlfield tag="003">NjP</controlfield>
   <controlfield tag="005">20170301182310.0</controlfield>
   <controlfield tag="008">991111s1971    ir h          000 0 ara d</controlfield>
   <datafield tag="024" ind1="7" ind2=" ">
      <subfield code="a">princeton_aco003899</subfield>
      <subfield code="2">local</subfield>
   </datafield>
   <datafield ind1=" " ind2=" " tag="035">
      <subfield code="a">(OCoLC)ocm42810716</subfield>
   </datafield>
   <datafield ind1=" " ind2=" " tag="035">
      <subfield code="9">CFM3956TS</subfield>
   </datafield>
   <datafield ind1=" " ind2=" " tag="040">
      <subfield code="a">PUL</subfield>
      <subfield code="c">PUL</subfield>
   </datafield>
   <datafield ind1="1" ind2=" " tag="100">
      <subfield code="a">Ibn Bābawayh al-Qummī, Muḥammad ibn ʻAlī,</subfield>
      <subfield code="d">918 or 919-991 or 992.</subfield>
      <subfield code="0">http://id.loc.gov/authorities/names/nr90021741</subfield>
   </datafield>
   <datafield ind1="1" ind2="0" tag="245">
      <subfield code="a">Thawāb al-aʻmāl.</subfield>
      <subfield code="c">Ṣaḥḥaḥahu wa-ʻallaqa ʻalayhi ʻAlī Akbar al-Ghaffārī.</subfield>
   </datafield>
   <datafield ind1=" " ind2=" " tag="260">
      <subfield code="a">Tehran,</subfield>
      <subfield code="b">Maktabat al-Ṣadūq,</subfield>
      <subfield code="c">1391 [1971]</subfield>
   </datafield>
   <datafield ind1=" " ind2=" " tag="300">
      <subfield code="a">371 p.</subfield>
      <subfield code="b">facsims.</subfield>
      <subfield code="c">25 cm.</subfield>
   </datafield>
   <datafield ind1=" " ind2=" " tag="546">
      <subfield code="a">In Arabic.</subfield>
   </datafield>
   <datafield ind1=" " ind2="0" tag="650">
      <subfield code="a">Religious life</subfield>
      <subfield code="x">Islam.</subfield>
      <subfield code="0">http://id.loc.gov/authorities/subjects/sh85112674</subfield>
   </datafield>
   <datafield ind1="1" ind2=" " tag="700">
      <subfield code="a">Ghaffārī, ʻAlī Akbar,</subfield>
      <subfield code="e">editor.</subfield>
   </datafield>
   <datafield ind1=" " ind2=" " tag="947">
      <subfield code="a">CFM3956</subfield>
   </datafield>
   <datafield ind1=" " ind2=" " tag="911">
      <subfield code="a">20000130</subfield>
   </datafield>
   <datafield ind1="0" ind2="0" tag="852">
      <subfield code="0">1957582</subfield>
      <subfield code="b">rcppa</subfield>
      <subfield code="t">0</subfield>
      <subfield code="h">BP135.8.R4</subfield>
      <subfield code="i">I263 1971</subfield>
      <subfield code="x">tr fr nec</subfield>
   </datafield>
   <datafield ind1=" " ind2=" " tag="959">
      <subfield code="a">2000-06-13 00:00:00 -0400</subfield>
   </datafield>
</record>
